%% uctest.bib 11/3/94
%% Copyright (C) 1988-2004 Daniel Gildea, BBF, Ethan Munson.
%
% This work may be distributed and/or modified under the
% conditions of the LaTeX Project Public License, either version 1.3
% of this license or (at your option) any later version.
% The latest version of this license is in
%   http://www.latex-project.org/lppl.txt
% and version 1.3 or later is part of all distributions of LaTeX
% version 2003/12/01 or later.
%
% This work has the LPPL maintenance status "maintained".
% 
% The Current Maintainer of this work is Daniel Gildea.

@inproceedings{chen2009evaluating,
  title={Evaluating the Authorial Leverage of Drama Management.},
  author={Chen, Sherol and Nelson, Mark J and Sullivan, Anne and Mateas, Michael},
  booktitle={AAAI Spring Symposium: Intelligent Narrative Technologies II},
  pages={20--23},
  year={2009}
}

@book{haugeland1985artificial,
  title={Artificial intelligence: The very idea},
  author={Haugeland, John},
  year={1985},
  publisher={MIT press}
}

@inproceedings{strong2008talking,
  title={Talking with NPCs: Towards Dynamic Generation of Discourse Structures.},
  author={Strong, Christina R and Mateas, Michael},
  booktitle={AIIDE},
  year={2008}
}

@inproceedings{mateas2003expressive,
  title={Expressive AI: A semiotic analysis of machinic affordances},
  author={Mateas, Michael},
  booktitle={3rd Conference on Computational Semiotics for Games and New Media},
  pages={58},
  year={2003}
}

@misc{harding_2014, 
title={La Vie mode dâ€™emploi, de Georges Perec}, url={https://blogs.cornell.edu/exlibris/2014/05/14/la-vie-mode-demploi-de-georges-perec/}, 
howpublished = "[Online]. Available from: \url{https://blogs.cornell.edu/exlibris/2014/05/14/la-vie-mode-demploi-de-georges-perec/}",
journal={Ex Libris Architecture World Literature}, 
publisher={Cornell}, 
author={Harding, Amber}, 
year={2014}, 
month={May}
} 

@Book{hypercard,
  author =       "Goodman, Danny",
  year =         "1988",
  title =        "Danny Goodman's Hypercard developer's guide: the ultimate guide to Hypercard stack development",
  address =      "New York, NY",
  publisher =    "Bantam Books, Inc.",
}

@misc{eastgate,
  author =       "Bernstein, Mark",
  title =        "Storyspace",
  note =          "http://www.eastgate.com/storyspace/",
  year = "Jan 3, 2018",
}

@misc{twine,
  author = "Klimas, Chris",
  title = "Twine / An open-source tool for telling interactive, nonlinear stories",
  howpublished = "[Online]. Available from: \url{https://twinery.org/}",
  url = "https://twinery.org/",
  lastaccessed = "Jan 3, 2018",
  year={2018},
  month=jan # "~03"
}

@misc{choicescript,
  author =      "Fabulich, Dan",
  title =        "ChoiceScript",
  howpublished = "[Online]. Available from: \url{https://github.com/dfabulich/choicescript}",
  url =          "https://github.com/dfabulich/choicescript",
  lastaccessed = "Jan 3, 2018",
}

@misc{ink,
  author =      "Ingold, Jon and Humfrey, Joseph",
  title =        "Ink",
  url =          "https://www.inklestudios.com/ink/",
  howpublished = "[Online]. Available from: \url{https://www.inklestudios.com/ink/}",
  lastaccessed = "Jan 3, 2018",
}

@misc{raconteur,
  author =      "Dias, Bruno",
  title =        "Raconteur",
  url =          "https://sequitur.github.io/raconteur/",
  howpublished = "[Online]. Available from: \url{https://sequitur.github.io/raconteur/}",
  lastaccessed = "Jan 3, 2018",
}

@misc{undum,
  author =      "Millington, Ian",
  title =        "Undum",
  url =          "https://github.com/idmillington/undum",
  howpublished = "[Online]. Available from: \url{https://github.com/idmillington/undum}",
  lastaccessed = "Jan 3, 2018",
}

@misc{ashwell,
  author =      "Ashwell, Sam Kabo",
  year = "Jan 26, 2015",
  title =        "Standard Patterns in Choice-Based Games",
  url =          "https://heterogenoustasks.wordpress.com/2015/01/26/standard-patterns-in-choice-based-games/",
  howpublished = "[Online]. Available from: \url{https://heterogenoustasks.wordpress.com/2015/01/26/standard-patterns-in-choice-based-games/}",
  lastaccessed = "Jan 3, 2018",
}

@Phdthesis{mawhorter,
  author =       "Mawhorter, Peter Andrew",
  year =         "2016",
  title =        "Artificial intelligence as a tool for understanding narrative choices",
  school =       "UC Santa Cruz",
  address =      "Santa Cruz, CA",
  type =         "",
  month =        "",
}

@misc{choicescriptGuide,
  author = "Fabulich, Dan",
  title = "Introduction to ChoiceScript",
  url =          "https://www.choiceofgames.com/make-your-own-games/choicescript-intro/",
  howpublished = "[Online]. Available from: \url{https://www.choiceofgames.com/make-your-own-games/choicescript-intro/}",
  lastaccessed = "Jan 3, 2018",
}

@misc{inklewriterGuide,
  author =      "Ingold, Jon",
  title =        "Writing With Ink",
  url =          "https://github.com/inkle/ink/blob/master/ Documentation/WritingWithInk.md",
  howpublished = "[Online]. Available from: \url{https://github.com/inkle/ink/blob/master/ Documentation/WritingWithInk.md}",
  lastaccessed = "Jan 3, 2018",
}

@article{cytoscape,
  title={Cytoscape. js: a graph theory library for visualisation and analysis},
  author={Franz, Max and Lopes, Christian T and Huck, Gerardo and Dong, Yue and Sumer, Onur and Bader, Gary D},
  journal={Bioinformatics},
  volume={32},
  number={2},
  pages={309--311},
  year={2015},
  publisher={Oxford University Press}
}

@article{shneiderman,
 author = {Shneiderman, Ben},
 title = {Direct Manipulation: A Step Beyond Programming Languages},
 journal = {SIGSOC Bull.},
 issue_date = {1982},
 volume = {13},
 number = {2-3},
 month = may,
 year = {1981},
 issn = {0163-5794},
 pages = {143--},
 url = {http://doi.acm.org/10.1145/1015579.810991},
 doi = {10.1145/1015579.810991},
 acmid = {810991},
 publisher = {ACM},
 address = {New York, NY, USA},
} 

@Inproceedings{grimes,
  author =       "Ryan, James",
  title =        "Grimes' fairy tales: a 1960s story generator",
  booktitle =    "International Conference on Interactive Digital Storytelling 2017",
  series =       "ICIDS Proceedings",
  year =         "2017",
  publisher =    "Springer",
  pages =        "89--103",
  editor =       "",
  volume =       "",
  number =       "",
  month =        "",
  organization = "",
  note =         "",
}

@Techreport{universe,
  author =       "Lebowitz, Michael",
  year =         "1983",
  title =        "Creating a Story-Telling Universe",
  institution =  "Columbia University",
  type =         "MIT Research Lab Technical Report",
  number =       "CUCS-055-83",
  address =      "New York, NY",
}

@article{planningRiedl,
  author =       "Riedl, Mark O. and Yound, Robert M.",
  year =         "2010",
  title =        "Narrative Planning: Balancing Plot and Character",
  journal =      "Journal of Artificial Intelligence Research",
  volume =       "39",
}

@InBook{forwardPlanner, 
  place={Cambridge}, 
  title={Automated Planning and Acting}, 
  DOI={10.1017/CBO9781139583923}, 
  publisher={Cambridge University Press}, 
  author={Ghallab, Malik and Nau, Dana and Traverso, Paolo},
  year={2016},
  pages = "37-39"
}

@InProceedings{htn,
  title={HTN planning: Complexity and expressivity},
  author={Erol, Kutluhan and Hendler, James and Nau, Dana S},
  booktitle={AAAI},
  volume={94},
  pages={1123--1128},
  year={1994}
}

@InProceedings{dynamicChoiceLabelsYuRiedl,
  title={Data-Driven Personalized Drama Management},
  author={Yu, Hong and Riedl, Mark Owen},
  booktitle={9th Artificial Intelligence and Interactive Digital Entertainment Conference},
  year={2013}
}

@misc{Unmanned,
  author =      "Munroe, Jim",
  title =        "Molleindustria: Unmanned",
  url =          "http://unmanned.molleindustria.org",
  howpublished = "[Online]. Available from: \url{http://unmanned.molleindustria.org}",
  lastaccessed = "Jan 3, 2018",
}

@inproceedings{treanorProceduralistReadings,
  title={Proceduralist Readings: How to find meaning in games with graphical logics},
  author={Treanor, Mike and Schweizer, Bobby and Bogost, Ian and Mateas, Michael},
  booktitle={Proceedings of the 6th International Conference on Foundations of Digital Games},
  pages={115--122},
  year={2011},
  organization={ACM}
}

@misc{DepressionQuest,
  author =      "Quinn, Z{\"o}e",
  title =        "Depression Quest",
  url =          "http://www.depressionquest.com/",
  howpublished = "[Online]. Available from: \url{http://www.depressionquest.com/}",
  lastaccessed = "Jan 3, 2018",
}

@misc{hanson,
  author =      "Jansen, Tim",
  title =        "HanSON - JSON for Humans",
  url =          "https://github.com/timjansen/hanson",
  howpublished = "[Online]. Available from: \url{https://github.com/timjansen/hanson}",
  lastaccessed = "Jan 3, 2018",
}

@misc{dorn,
  author =      "Dorn, Jeremy",
  title =        "JSON Schema Based Editor",
  url =          "https://github.com/json-editor/json-editor",
  howpublished = "[Online]. Available from: \url{https://github.com/json-editor/json-editor}",
  lastaccessed = "Jan 3, 2018",
}

@article{hutchins,
  title={Direct manipulation interfaces},
  author={Hutchins, Edwin L and Hollan, James D and Norman, Donald A},
  journal={Human-computer interaction},
  volume={1},
  number={4},
  pages={311--338},
  year={1985},
  publisher={L. Erlbaum Associates Inc.}
}

@inproceedings{twinePlatform,
  title={Untangling Twine: A Platform Study.},
  author={Friedhoff, Jane},
  booktitle={DiGRA conference},
  year={2013}
}

@article{justus,
  title={Perceptual Experience Management},
  author={Robertson, Justus and Young, R Michael},
  journal={IEEE Transactions on Games},
  year={2018},
  publisher={IEEE}
}

@inproceedings{Yu,
  title={A sequential recommendation approach for interactive personalized story generation},
  author={Yu, Hong and Riedl, Mark O},
  booktitle={Proceedings of the 11th International Conference on Autonomous Agents and Multiagent Systems-Volume 1},
  pages={71--78},
  year={2012},
  organization={International Foundation for Autonomous Agents and Multiagent Systems}
}

@inproceedings{grinblat2017subverting,
title={Subverting historical cause \& effect: generation of mythic biographies in caves of qud},
author={Grinblat, Jason and Bucklew, C Brian},
booktitle={Proceedings of the 12th International Conference on the Foundations of Digital Games},
pages={76},
year={2017},
organization={ACM}
}

@article{bertz_2011, title={The Technology Behind The Elder Scrolls V: Skyrim}, url={https://www.gameinformer.com/games/the_elder_scrolls_v_skyrim/b/xbox360/archive/2011/01/17/the-technology-behind-elder-scrolls-v-skyrim.aspx}, 
note = "[Online]. Available from: \url{https://www.gameinformer.com/games/the_elder_scrolls_v_skyrim/b/xbox360/archive/2011/01/17/the-technology-behind-elder-scrolls-v-skyrim.aspx}",
journal={Game Informer}, 
author={Bertz, Matt}, 
year={2011}, 
month={Jan}
}

@misc{short_2015, title={Annal of the Parrigues}, url={https://emshort.blog/tag/the-annals-of-the-parrigues/},
howpublished = "[Online]. Available from: \url{https://emshort.blog/tag/the-annals-of-the-parrigues/}",
journal={Emily Short's Interactive Storytelling}, author={Short, Emily}, year={2015}, month={Dec}}

@inproceedings{summerville2018gemini,
  title={Gemini: Bidirectional generation and analysis of games via asp},
  author={Summerville, Adam and Martens, Chris and Samuel, Ben and Osborn, Joseph and Wardrip-Fruin, Noah and Mateas, Michael},
  booktitle={Fourteenth Artificial Intelligence and Interactive Digital Entertainment Conference},
  year={2018}
}

@phdthesis{ryan2018curating,
  title={Curating simulated storyworlds},
  author={Ryan, James},
  year={2018},
  school={UC Santa Cruz}
}

@inproceedings{kreminski2019felt,
title={Felt: A Simple Story Sifter},
author={Kreminski, Max and Dickinson, Melanie and Wardrip-Fruin, Noah},
booktitle={International Conference on Interactive Digital Storytelling},
pages={267--281},
year={2019},
organization={Springer}
}

@inproceedings{osborn2015playspecs,
title={Playspecs: Regular expressions for game play traces},
author={Osborn, Joseph Carter and Samuel, Ben and Mateas, Michael and Wardrip-Fruin, Noah},
booktitle={Eleventh Artificial Intelligence and Interactive Digital Entertainment Conference},
year={2015}
}

@inproceedings{osborn2014evaluating,
title={Evaluating play trace (dis) similarity metrics},
author={Osborn, Joseph Carter and Samuel, Ben and McCoy, Joshua Allen and Mateas, Michael},
booktitle={Tenth Artificial Intelligence and Interactive Digital Entertainment Conference},
year={2014}
}

@inproceedings{mccoy2012prom,
  title={Prom week},
  author={McCoy, Josh and Treanor, Mike and Samuel, Ben and Reed, Aaron A and Wardrip-Fruin, Noah and Mateas, Michael},
  booktitle={Proceedings of the International Conference on the Foundations of Digital Games},
  pages={235--237},
  year={2012}
}

@incollection{grinblat2017emergent,
title={Emergent Narratives and Story Volumes},
author={Grinblat, Jason},
booktitle={Procedural Generation in Game Design},
pages={199--207},
year={2017},
publisher={AK Peters/CRC Press}
}

@inproceedings{ryan2016expressionist,
title={Expressionist: An authoring tool for in-game text generation},
author={Ryan, James and Seither, Ethan and Mateas, Michael and Wardrip-Fruin, Noah},
booktitle={International Conference on Interactive Digital Storytelling},
pages={221--233},
year={2016},
organization={Springer}
}

@inproceedings{ryan2016characters,
title={Characters who speak their minds: Dialogue generation in Talk of the Town},
author={Ryan, James and Mateas, Michael and Wardrip-Fruin, Noah},
booktitle={Twelfth Artificial Intelligence and Interactive Digital Entertainment Conference},
year={2016}
}

@incollection{bundy1984catalogue,
title={Catalogue of artificial intelligence tools},
author={Bundy, Alan},
booktitle={Catalogue of Artificial Intelligence Tools},
pages={22-23},
year={1984},
publisher={Springer}
}

@article{knuth1968semantics,
title={Semantics of context-free languages},
author={Knuth, Donald E},
journal={Mathematical systems theory},
volume={2},
number={2},
pages={127--145},
year={1968},
publisher={Springer}
}

@inproceedings{lessard2017striving,
title={Striving for author-friendly procedural dialogue generation},
author={Lessard, Jonathan and Brunelle-Leclerc, Etienne and Gottschalk, Timothy and Jett{\'e}-L{\'e}ger, Marc-Antoine and Prouveur, Odile and Tan, Christopher},
booktitle={Proceedings of the 12th International Conference on the Foundations of Digital Games},
pages={67},
year={2017},
organization={ACM}
}

@book{liu2009encyclopedia,
title={Encyclopedia of database systems},
author={Liu, Ling and {\"O}zsu, M Tamer},
volume={6},
year={2009},
publisher={Springer New York, NY, USA:}
}

@article{tringali_2009, title={Postmortem: Scribblenauts}, journal={Game Developer}, author={Tringali, Joseph}, year={2009}, month={Nov}, pages={22â€“27}}

@misc{smith_2012, title={Computing Disputing: Argument Champion}, url={https://www.rockpapershotgun.com/2012/08/20/computing-disputing-argument-champion/}, 
howpublished = "[Online]. Available from: \url{https://www.rockpapershotgun.com/2012/08/20/computing-disputing-argument-champion/}",
journal={Rock Paper Shotgun}, 
publisher={Rock Paper Shotgun}, author={Smith, Adam}, year={2012}, month={Aug}}

@article{liu2004conceptnet,
  title={ConceptNet: a practical commonsense reasoning tool-kit},
  author={Liu, Hugo and Singh, Push},
  journal={BT technology journal},
  volume={22},
  number={4},
  pages={211--226},
  year={2004},
  publisher={Springer}
}

@article{fauconnier2001conceptual,
  title={Conceptual blending and analogy},
  author={Fauconnier, Gilles},
  journal={The analogical mind: Perspectives from cognitive science},
  pages={255--286},
  year={2001},
  publisher={MIT Press Cambridge, MA}
}

@incollection{goguen2010style,
title={Style: A computational and conceptual blending-based approach},
author={Goguen, Joseph A and Harrell, D Fox},
booktitle={The structure of style},
pages={291--316},
year={2010},
publisher={Springer}
}

@phdthesis{harrell_2007, 
title={Theory and technology for computational narrative: an approach to generative and interactive narrative with bases in algebraic semiotics and cognitive linguistics}, 
school={University of California, San Diego},
author={Harrell, Douglas Alan.}, 
year={2007}
}

@inproceedings{harrell2005shades,
title={Shades of computational evocation and meaning: The GRIOT system and improvisational poetry generation},
author={Harrell, D Fox},
booktitle={Proceedings, sixth digital arts and culture conference},
pages={133--143},
year={2005},
organization={Citeseer}
}

@article{zhu_harrell_2011, title={Computational Narration of Inner Thought: Memory, Reverie Machine}, volume={8}, journal={Hyperrhiz 08}, author={Zhu, Jichen and Harrell, Fox}, year={2011}, month={Apr}} 

@inproceedings{zhu2011representing,
title={Representing game characters' inner worlds through narrative perspectives},
author={Zhu, Jichen and Onta{\~n}{\'o}n, Santiago and Lewter, Brad},
booktitle={Proceedings of the 6th International Conference on Foundations of Digital Games},
pages={204--210},
year={2011}
}

@inproceedings{zhu2010story,
title={Story representation in analogy-based story generation in riu},
author={Zhu, Jichen and Ontan{\'o}n, Santiago},
booktitle={Proceedings of the 2010 IEEE Conference on Computational Intelligence and Games},
pages={435--442},
year={2010},
organization={IEEE}
}

@inproceedings{ontanon2011sam,
title={The sam algorithm for analogy-based story generation},
author={Ontanon, Santiago and Zhu, Jichen},
booktitle={Seventh Artificial Intelligence and Interactive Digital Entertainment Conference},
year={2011}
}

@inproceedings{compton2015tracery,
title={Tracery: an author-focused generative text tool},
author={Compton, Kate and Kybartas, Ben and Mateas, Michael},
booktitle={International Conference on Interactive Digital Storytelling},
pages={154--161},
year={2015},
organization={Springer}
}

@article{boluk2013dwarven,
title={Dwarven epitaphs: Procedural histories in Dwarf fortress},
author={Boluk, Stephanie and LeMieux, Patrick},
journal={Comparative Textual Media: Transforming the Humanities in the Postprint Era},
pages={125--154},
year={2013}
}

@article{etter1984racter,
  title={Racter},
  author={Etter, Thomas and Chamberlain, William},
  journal={Computer software. Mindscape},
  year={1984}
}

@misc{kazemi, 
title={NaNoGenMo}, 
url={https://nanogenmo.github.io/}, 
howpublished = "[Online]. Available from: \url{https://nanogenmo.github.io/}",
journal={NaNoGenMo}, 
author={Kazemi, Darius}
}

@misc{hight_knowlton_spellman, title={Electronic Literature Collection, Volume 3}, url={https://collection.eliterature.org/3/work.html?work=34-north-118-west},
howpublished = "[Online]. Available from: \url{https://collection.eliterature.org/3/work.html?work=34-north-118-west}",
journal={Electronic Literature Collection, Volume 3}, 
publisher={Electronic Literature Organization}, 
author={Hight, Jeremy and Knowlton, Jeff and Spellman, Naomi}
}

@misc{dunham, 
title={King of Dragon Pass}, 
url={https://www.a-sharp.com/kodp/}, 
howpublished = "[Online]. Available from: \url{https://www.a-sharp.com/kodp/}",
journal={Six Ages- Ride Like the Wind}, 
publisher={A Sharp}, 
author={Dunham, David}} 

@inproceedings{mateas2012artificial,
  title={Artificial and computational intelligence in games (dagstuhl seminar 12191)},
  author={Mateas, Michael and Andre, Elizabeth and Aylett, Ruth and Eladhari, Mirjam P. and Evans, Richard and Paiva, Ana and Preuss, Mike and Young, Michael},
  booktitle={Dagstuhl Reports},
  volume={2},
  year={2012},
  organization={Schloss Dagstuhl-Leibniz-Zentrum fuer Informatik}
}

@misc{rhizome_2012, 
title={Expanded Artistsâ€™ Books: Envisioning the Future of the Book}, 
author={Rhizome},
url={https://rhizome.org/community/11700/}, 
howpublished = "[Online]. Available from: \url{https://rhizome.org/community/11700/}",
journal={Rhizome}, 
year={2012}, month={Jun}
}

@ARTICLE{tearse_skald, author={B. {Tearse} and P. {Mawhorter} and M. {Mateas} and N. {Wardrip-Fruin}}, journal={IEEE Transactions on Computational Intelligence and AI in Games}, title={Skald: Minstrel Reconstructed}, year={2014}, volume={6}, number={2}, pages={156-165},} 

@inproceedings{reed2014ice,
  title={Ice-Bound: Combining richly-realized story with expressive gameplay.},
  author={Reed, Aaron A and Garbe, Jacob and Wardrip-Fruin, Noah and Mateas, Michael},
  booktitle={FDG},
  year={2014}
}

@misc{arendt_structuresOne, title={Echo Bazaar Narrative Structures, Part One}, url={http://www.failbettergames.com/echo-bazaar-narrative-structures-part-one/},
howpublished = "[Online]. Available from: \url{http://www.failbettergames.com/echo-bazaar-narrative-structures-part-one/}",
journal={Failbetter Games Blog}, publisher={Failbetter Games}, author={Arendt, P and Kennedy, Alexis}, year={2010}, month={Feb}} 

@misc{arendt_structuresThree, 
title={Echo Bazaar Narrative Structures, Part Two}, url={https://www.failbettergames.com/narrative-snippets-parsimony-2/},
howpublished = "[Online]. Available from: \url{https://www.failbettergames.com/narrative-snippets-parsimony-2/}",
journal={Failbetter Games Blog}, 
publisher={Failbetter Games}, 
author={Arendt, P and Kennedy, Alexis}, 
year={2010}, 
month={Feb}} 



@misc{fallen_london_wiki,
  title={Storylets},
  howpublished = "[Online]. Available from: \url{https://fallenlondon.fandom.com/wiki/Category:Storylets}",
  author={Voclain, Eleanor},
  year={2011},
  month=mar # "~6",
  publisher={Fandom},
}

@misc{storychoices_contentDesign, 
title={Content Design Patterns}, url={http://wiki.failbettergames.com/wiki:content-design-patterns},
howpublished = "[Online]. Available from: \url{http://wiki.failbettergames.com/wiki:content-design-patterns}",
journal={StoryChoices Wiki}, 
publisher={Failbetter Games}, 
author={Failbetter Games},
year={2012}, 
month={Aug}
}

@misc{storychoices_branchDesign, 
title={Branch Design}, 
url={http://wiki.failbettergames.com/wiki:branch-design}, journal={StoryChoices Wiki}, 
howpublished = "[Online]. Available from: \url{http://wiki.failbettergames.com/wiki:branch-design}, journal={StoryChoices Wiki}",
publisher={Failbetter Games}, 
author={Failbetter Games},
year={2012}, 
month={Aug}
}

@misc{storychoices_choiceDesign, 
title={Patterns Of Choice }, url={http://wiki.failbettergames.com/patterns-of-choice}, 
 howpublished = "[Online]. Available from: \url{http://wiki.failbettergames.com/patterns-of-choice}",
journal={StoryChoices Wiki}, 
publisher={Failbetter Games}, 
author={Failbetter Games},
year={2012},
month={Jul}
}

@misc{reed_blackCrown, title={The Dutch Frame in "Black Crown"}, url={https://medium.com/@aareed/the-dutch-frame-in-black-crown-4d6f5c51d00b},
howpublished = "[Online]. Available from: \url{https://medium.com/@aareed/the-dutch-frame-in-black-crown-4d6f5c51d00b}",
journal={Medium}, publisher={Medium}, author={Reed, Aaron A.}, year={2018}, month={Apr}}

@misc{sherman_2014, title={The Black Crown Project Is Inhuming}, url={https://web.archive.org/web/20190323072310/http://bonfiredog.co.uk/bonfog/2014/10/06/blackcrownend/}, 
howpublished = "[Online]. Available from: \url{https://web.archive.org/web/20190323072310/http://bonfiredog.co.uk/bonfog/2014/10/06/blackcrownend/}",
journal={The Goodly Mist}, author={Sherman, Rob}, year={2014}, month={Oct}}

@misc{kennedy_2013, title={Failbetter Games: what are we for?}, url={https://www.failbettergames.com/failbetter-games-what-are-we-for/},
howpublished = "[Online]. Available from: \url{https://www.failbettergames.com/failbetter-games-what-are-we-for/}",
journal={Failbetter Games}, author={Kennedy, Alexis}, year={2013}, month={Oct}}

@misc{dunham_2011, title={The Problem with Branching}, url={http://www.failbettergames.com/the-problem-with-branching/},
howpublished = "[Online]. Available from: \url{http://www.failbettergames.com/the-problem-with-branching/}",
journal={Failbetter Games Blog}, publisher={Failbetter Games}, author={Dunham, David}, year={2011}, month={Oct}} 

@misc{dunham_repeatability, title={Repeatability}, url={https://kingofdragonpass.blogspot.com/2011/09/repeatability.html},
howpublished = "[Online]. Available from: \url{https://kingofdragonpass.blogspot.com/2011/09/repeatability.html}",
journal={King of Dragon Pass Development Blog}, 
author={Dunham, David}, year={2011}, month={Sep}}

@misc{dunham_2008, 
title={OSL Sample}, 
url={http://a-sharp.com/kodp/osl.html}, 
howpublished = "[Online]. Available from: \url{http://a-sharp.com/kodp/osl.html}",
journal={OSL Sample}, publisher={A-Sharp}, author={Dunham, David}, year={2008}, month={May}} 

@inbook{audiberti_charbonnier_1965, 
place={Paris}, 
title={Entretiens avec Georges Charbonnier}, 
publisher={Gallimard}, 
author={Audiberti, Jacques and Charbonnier, Georges}, 
year={1965}, 
pages={116}
}

@book{mille_poems, place={Paris}, title={Cent mille milliards de po\'emes}, publisher={Gallimard}, author={Queneau, Raymond and Lionnais Fran\c cois Le}, year={1961}}

@article{Roubau,  
ISSN = {00440078},  
URL = {http://www.jstor.org/stable/3182520},  
author = {Jacques Roubaud and Jean-Jacques Poucel},  
journal = {Yale French Studies},
volume = {1},
number = {105}, 
pages = {99--109}, 
publisher = {Yale University Press}, 
title = {Perecquian OULIPO}, 
year = {2004}
}

@inbook{zimmerman_2007, place={Cambridge, MA}, title={Creating a Meaning-Machine: The Deck of Stories Called Life in the Garden}, booktitle={Second Person: Role-Playing and Story in Games and Playable Media}, publisher={The MIT Press}, author={Zimmerman, Eric}, year={2007}, pages={81â€“83}}

@inbook{crossed_destinies,
  title={The Castle of Crossed Destinies},
author={Calvino, Italo},
  translator={William, Weaver},
  year={1977},
  publisher={Harvest/Harcourt Brace Jovanovich, New York},
pages={123-129}
}

@inbook{conte_1994, place={Atlanta, GA}, title={The Uncertain Predictor: Calvinoâ€™s Castle of Tarot Cards}, volume={14}, booktitle={Literature and Science}, publisher={Editions Rodopi}, author={Conte, Joseph}, year={1994}, pages={131â€“147}}

@misc{failbetter_ftp, 
title={Why is Fallen London still free-to-play?}, url={http://www.failbettergames.com/why-is-fallen-london-still-free-to-play/}, 
howpublished = "[Online]. Available from: \url{http://www.failbettergames.com/why-is-fallen-london-still-free-to-play/}",
journal={Failbetter Games}, 
author={Failbetter Games},
publisher={Failbetter Games},
year={2015}, 
month={Jan}
}

@misc{ifwiki_2019, 
title={StoryNexus},
author={Ondricek, Hanon},
url={http://www.ifwiki.org/index.php/StoryNexus}, journal={IFWiki}, 
howpublished = "[Online]. Available from: \url{http://www.ifwiki.org/index.php/StoryNexus}",
year={2019}, 
month={Oct}
} 

@article{maiberg_2016, title={'No Man's Sky' Is Like 18 Quintillion Bowls of Oatmeal}, 
url={https://www.vice.com/en_us/article/nz7d8q/no-mans-sky-review}, 
howpublished = "[Online]. Available from: \url{https://www.vice.com/en_us/article/nz7d8q/no-mans-sky-review}",
journal={Vice}, publisher={Vice}, author={Maiberg, Emanuel}, year={2016}, month={Aug}}

@book{mccloud_1994, place={New York}, title={Understanding comics: writing and art}, publisher={Harper Perennial}, author={McCloud, Scott}, year={1994}} 

@InProceedings{murray_compression,
author="Murray, Janet H.",
editor="Si, Mei
and Thue, David
and Andr{\'e}, Elisabeth
and Lester, James C.
and Tanenbaum, Joshua
and Zammitto, Veronica",
title="Why Paris Needs Hector and Lancelot Needs Mordred: Using Traditional Narrative Roles and Functions for Dramatic Compression in Interactive Narrative",
booktitle="Interactive Storytelling",
year="2011",
publisher="Springer Berlin Heidelberg",
address="Berlin, Heidelberg",
pages="13--24",
isbn="978-3-642-25289-1"
}

@article{shipman1999spatial,
  title={Spatial hypertext: an alternative to navigational and semantic links},
  author={Shipman III, Frank M and Marshall, Catherine C},
  journal={ACM Computing Surveys (CSUR)},
  volume={31},
  number={4es},
  pages={14--es},
  year={1999},
  publisher={ACM New York, NY, USA}
}

@misc{bernstein_2007, title={Eastgate}, url={http://www.eastgate.com/storyspace/index.html}, 
howpublished = "[Online]. Available from: \url{http://www.eastgate.com/storyspace/index.html}",
journal={Storyspace}, author={Bernstein, Mark}, year={2007}, month={Jun}} 

@misc{klimas2008twine,
  title={Twine: a tool for creating interactive stories},
  author={Klimas, Chris and Arnott, Leon},
  url={https://twinery.org/},
  howpublished = "[Online]. Available from: \url{https://twinery.org/}",
  year={2008}
}

@misc{nwnwiki_2019, 
title={Toolset},
author={Fandom},
url={http://nwn.wikia.com/wiki/Toolset}, 
howpublished = "[Online]. Available from: \url{http://nwn.wikia.com/wiki/Toolset}",
journal={NWNWiki}, 
publisher={Fandom}, 
year={2019}, 
month={Aug}
}

@misc{bernsteinamerika, title={Storyspace and the Making of Grammatron}, url={http://www.eastgate.com/storyspace/writing/Amerika.html}, 
howpublished = "[Online]. Available from: \url{http://www.eastgate.com/storyspace/writing/Amerika.html}",
journal={Eastgate}, publisher={Eastgate}, author={Bernstein, Mark}}

@misc{tinderbox, title={Tinderbox: The Tool For Notes}, url={http://www.eastgate.com/Tinderbox}, 
howpublished = "[Online]. Available from: \url{http://www.eastgate.com/Tinderbox}",
journal={Eastgate}, publisher={Eastgate}, author={Bernstein, Mark}, year={2013}}

@book{reed_inform, place={Boston, MA}, title={Creating interactive fiction with Inform 7 Creating interactive fiction with Inform seven}, publisher={Course Technology PTR}, author={Reed, Aaron}, year={2011}}


@inproceedings{Osborn_playtracer, title={A game-independent play trace dissimilarity metric}, author={Joseph C. Osborn and Michael Mateas}, booktitle={FDG}, year={2014} }

@inproceedings{playtraces,
author = {Liu, Yun-En and Andersen, Erik and Snider, Richard and Cooper, Seth and Popovi\'{c}, Zoran},
title = {Feature-Based Projections for Effective Playtrace Analysis},
year = {2011},
isbn = {9781450308045},
publisher = {Association for Computing Machinery},
address = {New York, NY, USA},
url = {https://doi.org/10.1145/2159365.2159375},
doi = {10.1145/2159365.2159375},
booktitle = {Proceedings of the 6th International Conference on Foundations of Digital Games},
pages = {69â€“76},
numpages = {8},
keywords = {games, game design, visual data mining},
location = {Bordeaux, France},
series = {FDG â€™11}
}

@inproceedings{promweek_playtraces,
  title={Playing with words: from intuition to evaluation of game dialogue interfaces},
  author={Sali, Serdar and Wardrip-Fruin, Noah and Dow, Steven and Mateas, Michael and Kurniawan, Sri and Reed, Aaron A and Liu, Ronald},
  booktitle={Proceedings of the Fifth International Conference on the Foundations of Digital Games},
  pages={179--186},
  year={2010}
}

@article{susi2007serious,
  title={Serious Games-An Overview (Technical Report)},
  author={Susi, Tarja and Johanesson, M and Backlund, Per},
  journal={Sk{\"o}vde, Sweden: University of Sk{\"o}vde},
  year={2007}
}

@article{zyda2005visual,
  title={From visual simulation to virtual reality to games},
  author={Zyda, Michael},
  journal={Computer},
  volume={38},
  number={9},
  pages={25--32},
  year={2005},
  publisher={IEEE}
}

@misc{hofmeier2011cart,
  title={Cart life},
  author={Hofmeier, R},
  year={2011},
  publisher={Microsoft Windows video game]. self-published}
}

@misc{pope_2012, title={Papers, Please}, 
url={https://papersplea.se/}, 
howpublished = "[Online]. Available from: \url{https://papersplea.se/}",
journal={Papers, Please}, publisher={3909 LLC}, author={Pope, Lucas}, year={2012}, month={Nov}}

@misc{eklund_mcgonigal_2007, title={About World Without Oil}, url={http://writerguy.com/wwo/metaabout.htm}, 
howpublished = "[Online]. Available from: \url{http://writerguy.com/wwo/metaabout.htm}",
journal={World Without Oil}, author={Eklund, Ken and McGonigal, Jane}, year={2007}}

@incollection{frasca2013simulation,
  title={Simulation versus narrative: Introduction to ludology},
  author={Frasca, Gonzalo},
  booktitle={The video game theory reader},
  pages={243--258},
  year={2013},
  publisher={Routledge}
}

@inproceedings{treanor2009newsgames,
  title={Newsgames-Procedural Rhetoric Meets Political Cartoons.},
  author={Treanor, Mike and Mateas, Michael},
  booktitle={DiGRA Conference},
  year={2009}
}

@misc{pedercini_jim_munroe_2012, title={Unmanned}, url={http://unmanned.molleindustria.org/}, 
howpublished = "[Online]. Available from: \url{http://unmanned.molleindustria.org/}",
journal={Unmanned}, publisher={Molleindustria}, author={Pedercini, Paolo and Jim Munroe, Jim}, year={2012}}

@article{Abt_Cogger_1969,
 ISSN = {00368555, 19434871},
 URL = {http://www.jstor.org/stable/24151200},
 author = {Clark C. Abt and Virginia H. Cogger},
 journal = {The Science Teacher},
 number = {1},
 pages = {36--39},
 publisher = {National Science Teachers Association},
 title = {Educational Games for the Sciences},
 volume = {36},
 year = {1969}
}

@book{abt1970serious,
  title={Serious games},
  author={Abt, C.C.},
  lccn={79083234},
  year={1970},
  publisher={Viking Press}
}

@article{serious_games_init,
author = {Sawyer, Ben},
year = {2002},
month = {01},
url = {https://www.wilsoncenter.org/publication/executive-summary-serious-games-improving-public-policy-through-game-based-learning-and},
howpublished = "[Online]. Available from: \url{https://www.wilsoncenter.org/publication/executive-summary-serious-games-improving-public-policy-through-game-based-learning-and}",
journal={Washington DC: Woodrow Wilson International Center for Scholars},
title = {Serious games: Improving public policy through game-based learning and simulation}
}

@book{bogost2010persuasive,
  title={Persuasive games: The expressive power of videogames},
  author={Bogost, Ian},
  year={2010},
  publisher={MIT Press}
}

@misc{quinn_2013, title={Depression Quest}, 
url={http://www.depressionquest.com/}, 
howpublished = "[Online]. Available from: \url{http://www.depressionquest.com/}",
journal={Depression Quest}, author={Quinn, ZoÃ« and Lindsey, Patrick}, year={2013}, month={Feb}}

@misc{levine, place={San Francisco}, title={Game Developers Conference 2014}, journal={Game Developers Conference 2014}, author={Levine, Ken}, year={2014}, month={Mar},
url={https://www.gdcvault.com/play/1020434/Narrative},
howpublished = "[Online]. Available from: \url{https://www.gdcvault.com/play/1020434/Narrative}",
}

@inproceedings{mason2019lume,
  title={Lume: a system for procedural story generation},
  author={Mason, Stacey and Stagg, Ceri and Wardrip-Fruin, Noah},
  booktitle={Proceedings of the 14th International Conference on the Foundations of Digital Games},
  pages={1--9},
  year={2019}
}

@article{Gemini,
  title={From Mechanics to Meaning},
  author={Summerville, Adam and Martens, Chris and Harmon, Sarah and Mateas, Michael and Osborn, Joseph Carter and Wardrip-Fruin, Noah and Jhala, Arnav},
  journal={IEEE Transactions on Computational Intelligence and AI in Games},
  year={2017},
  publisher={IEEE}
}

@Inproceedings{emmaWorkshop,
  author = "Samuel, Ben and Garbe, Jacob and Summerville, Adam and Denner, Jill and Harmon, Sarah and Lepore, Gina",
  title = "Leveraging Procedural Narrative and Gameplay to Address Controversial Topics",
  booktitle = "2017 Workshop on Computational Creativity and Social Justice",
  series = "CCSJW '17",
  editor = "Smith, G. and Sullivan, A. and Brown, D.",
  year = "2017"
}

@misc{mackey_2016, title={Zero Time Dilemma Brings Spike-Chunsoft's Sci-Fi Thriller to a New Frontier}, url={https://www.usgamer.net/articles/zero-time-dilemma-brings-spike-chunsofts-sci-fi-thriller-to-a-new-frontier}, 
howpublished = "[Online]. Available from: \url{https://www.usgamer.net/articles/zero-time-dilemma-brings-spike-chunsofts-sci-fi-thriller-to-a-new-frontier}",
journal={USGamer}, publisher={USG}, author={Mackey, Bob}, year={2016}, month={Mar}}

@misc{radiant_historia, 
title={Radiant Historia: Perfect Chronology}, url={https://www.atlus.com/radianthistoria/system.html}, 
 howpublished = "[Online]. Available from: \url{https://www.atlus.com/radianthistoria/system.html}",
journal={ATLUS Official website}, 
publisher={ATLUS}, 
author={ATLUS},
year={2010}
}

@inproceedings{dunyazad,
  title={Intentionally Generating Choices in Interactive Narratives.},
  author={Mateas, Michael and Mawhorter, Peter A and Wardrip-Fruin, Noah},
  booktitle={ICCC},
  pages={292--299},
  year={2015}
}

@phdthesis{mawhorter_diss,
  title={Artificial intelligence as a tool for understanding narrative choices},
  author={Mawhorter, Peter Andrew},
  year={2016},
  school={UC Santa Cruz}
}

@article{barber2007dynamic,
  title={Dynamic Generation of Dilemma-based Interactive Narratives.},
  author={Barber, Heather and Kudenko, Daniel},
  journal={AIIDE},
  volume={7},
  pages={2--7},
  year={2007}
}

@inproceedings{arinbjarnar2009critical,
  title={A critical review of interactive drama systems},
  author={Arinbjarnar, Maria and Barber, Heather and Kudenko, Daniel},
  booktitle={AISB'09 Symposium: AI \& Games, Edinburgh, UK},
  year={2009}
}

@incollection{mateas1999oz,
  title={An Oz-centric review of interactive drama and believable agents},
  author={Mateas, Michael},
  booktitle={Artificial intelligence today},
  pages={297--328},
  year={1999},
  publisher={Springer}
}

@article{roberts2008survey,
  title={A survey and qualitative analysis of recent advances in drama management},
  author={Roberts, David L and Isbell, Charles L},
  journal={International Transactions on Systems Science and Applications, Special Issue on Agent Based Systems for Human Learning},
  volume={4},
  number={2},
  pages={61--75},
  year={2008},
  publisher={Citeseer}
}

@ARTICLE{kybartas_2017, author={B. {Kybartas} and R. {Bidarra}}, journal={IEEE Transactions on Computational Intelligence and AI in Games}, title={A Survey on Story Generation Techniques for Authoring Computational Narratives}, year={2017}, volume={9}, number={3}, pages={239-253},}

@inproceedings{gester,
  title={A modular approach to story generation},
  author={Pemberton, Lyn},
  booktitle={Proceedings of the fourth conference on European chapter of the Association for Computational Linguistics},
  pages={217--224},
  year={1989},
  organization={Association for Computational Linguistics}
}

@phdthesis{minstrel,
author = {Turner, Scott R.},
title = {Minstrel: A Computer Model of Creativity and Storytelling},
year = {1993},
school = {University of California at Los Angeles},
address = {USA}
}

@inproceedings{tearse_results,
  title={Experimental Results from a Rational Reconstruction of MINSTREL},
  author={Brandon Robert Tearse and Peter A. Mawhorter and Michael Mateas and Noah Wardrip-Fruin},
  booktitle={ICCC},
  year={2011}
}

@article{ipcc,
  title={Climate change 2014: Synthesis report. fifth assessment report of the intergovernmental panel on climate change},
  author={Pachauri, R and Meyer, L},
  journal={Tech. Rep.},
  year={2014},
  publisher={IPCC}
}

@misc{dream2016detroit,
  title={Detroit: Become Human},
  author={Dream, Quantic},
  year={2016},
  publisher={Sony Computer Entertainment}
}

@incollection{bandersnatch,
  title={Change Your Past, Your Present, Your Future? Interactive Narratives and Trauma in Bandersnatch (2018)},
  author={McSweeney, Terence and Joy, Stuart},
  booktitle={Through the Black Mirror},
  pages={271--284},
  year={2019},
  publisher={Springer}
}

@misc{github_storyassembler, title={StoryAssembler}, url={https://github.com/LudoNarrative/StoryAssembler}, 
howpublished = "[Online]. Available from: \url{https://github.com/LudoNarrative/StoryAssembler}",
journal={StoryAssembler}, publisher={Github}, author={Garbe, Jacob and Kreminski, Max and Dickinson, Melanie}, year={2018}, month={Dec}}

@article{fikes1971strips,
  title={STRIPS: A new approach to the application of theorem proving to problem solving},
  author={Fikes, Richard E and Nilsson, Nils J},
  journal={Artificial intelligence},
  volume={2},
  number={3-4},
  pages={189--208},
  year={1971},
  publisher={Elsevier}
}

@inproceedings{barot2017bardic,
  title={Bardic: Generating multimedia narrative reports for game logs},
  author={Barot, Camille and Branon, Michael and Cardona-Rivera, Rogelio E and Eger, Markus and Glatz, Michelle and Green, Nancy and Mattice, James and Potts, Colin M and Robertson, Justus and Shukonobe, Makiko and others},
  booktitle={Working Notes of the AIIDE Workshop on Intelligent Narrative Technologies},
  year={2017}
}

@misc{dota, title={Dota 2}, url={http://www.dota2.com}, 
howpublished = "[Online]. Available from: \url{http://www.dota2.com}",
journal={Dota 2}, publisher={Valve Corporation}, author={Valve}, year={2013}}

@inproceedings{eger2015impulse,
  title={Impulse: a formal characterization of story},
  author={Eger, Markus and Barot, Camille and Young, R Michael},
  booktitle={6th Workshop on Computational Models of Narrative (CMN 2015)},
  year={2015},
  organization={Schloss Dagstuhl-Leibniz-Zentrum fuer Informatik}
}

@article{shah,
  title={Automated Let's Play Commentary},
  author={Shah, Shukan and Guzdial, Matthew and Riedl, Mark O},
  journal={Proceedings of the 2019 Experimental AI in Games Workshop},
  year={2019}
}

@article{lessness,
author = {Coetzee, J. M.},
issn = {00104817},
journal = {Computers and the Humanities},
language = {eng},
number = {4},
pages = {195-198},
publisher = {Queens College of the City University of New York},
title = {Samuel {Beckett's} ``Lessness": An Exercise in Decomposition},
volume = {7},
year = {1973},
}

@book{white_1973, title={Metahistory: The Historical Imagination in Nineteenthcentury Europe}, publisher={Johns Hopkins University Press}, author={White, Hayden V}, year={1973}}

@article{danto,
  title={Narrative sentences},
  author={Danto, Arthur C},
  journal={History and Theory},
  volume={2},
  number={2},
  pages={146--179},
  year={1962},
  publisher={JSTOR}
}

@article{andre2000three,
  title={Three RoboCup simulation league commentator systems},
  author={Andr{\'e}, Elisabeth and Binsted, Kim and Tanaka-Ishii, Kumiko and Luke, Sean and Herzog, Gerd and Rist, Thomas},
  journal={AI Magazine},
  volume={21},
  number={1},
  pages={57--57},
  year={2000}
}

@article{robocup,
  title={RoboCup: A challenge problem for AI},
  author={Kitano, Hiroaki and Asada, Minoru and Kuniyoshi, Yasuo and Noda, Itsuki and Osawa, Eiichi and Matsubara, Hitoshi},
  journal={AI magazine},
  volume={18},
  number={1},
  pages={73--73},
  year={1997}
}

@inproceedings{deira,
  title={Trackside DEIRA: a dynamic engaging intelligent reporter agent},
  author={Knoppel, Fran{\c{c}}ois LA and Tigelaar, Almer S and Bos, Danny Oude and Alofs, Thijs and Ruttkay, Zs{\'o}fia},
  booktitle={Proceedings of the 7th international joint conference on Autonomous agents and multiagent systems-Volume 1},
  pages={112--119},
  year={2008}
}
@InProceedings{embodied_agents,
author="Tallyn, Ella
and Koleva, Boriana
and Logan, Brian
and Fielding, Dan
and Benford, Steve
and Gelmini, Giulia
and Madden, Neil",
editor="Subsol, G{\'e}rard",
title="Embodied Reporting Agents as an Approach to Creating Narratives from Live Virtual Worlds",
booktitle="Virtual Storytelling. Using Virtual Reality Technologies for Storytelling",
year="2005",
publisher="Springer Berlin Heidelberg",
address="Berlin, Heidelberg",
pages="179--188",
isbn="978-3-540-32285-6"
}

@book{freytag, title={Freytags Technique of the drama An exposition of dramatic composition and art}, publisher={ Scott, Foresman and Co.}, author={Freytag, Gustav and MacEwan, Elias J.}, year={1908}}

@InProceedings{sports_freytag,
author="Rhodes, Martin
and Coupland, Simon
and Cruickshank, Tracy",
editor="Aylett, Ruth
and Lim, Mei Yii
and Louchart, Sandy
and Petta, Paolo
and Riedl, Mark",
title="Enhancing Real-Time Sports Commentary Generation with Dramatic Narrative Devices",
booktitle="Interactive Storytelling",
year="2010",
publisher="Springer Berlin Heidelberg",
address="Berlin, Heidelberg",
pages="111--116",
isbn="978-3-642-16638-9"
}

@incollection{joshi1997tree,
  title={Tree-adjoining grammars},
  author={Joshi, Aravind K and Schabes, Yves},
  booktitle={Handbook of formal languages},
  pages={69--123},
  year={1997},
  publisher={Springer}
}

@article{mimesis_baseball,
  title={Narrative in real time: Chronicle, mimesis and plot in the baseball broadcast},
  author={Ryan, Marie-Laure},
  journal={Narrative},
  volume={1},
  number={2},
  pages={138--155},
  year={1993},
  publisher={JSTOR}
}

@article{statsheet,
author = { Arjen van Dalen },
title = {The Algorithms Behind the Headlines},
journal = {Journalism Practice},
volume = {6},
number = {5-6},
pages = {648-658},
year  = {2012},
publisher = {Routledge},
doi = {10.1080/17512786.2012.667268},
URL = {
https://doi.org/10.1080/17512786.2012.667268
},
eprint = {
https://doi.org/10.1080/17512786.2012.667268
}
}

@book{schank,
  title={Dynamic memory: A theory of reminding and learning in computers and people},
  author={Schank, Roger C},
  year={1983},
  publisher={cambridge university press}
}

@ARTICLE{statsmonkey,
    author = {Nicholas Allen and John Templon and Patrick McNally and Larry Birnbaum and Kristian Hammond},
    title = {StatsMonkey: A Data-Driven Sports Narrative Writer},
    conference = {AAAI Fall Symposium Series},
    journal={Proceedings of the AAAI Fall Symposium Series},
    year = {2010},
    keywords = {Natural Language Generation; NLG; Narrative; Themes},
    url = {https://www.aaai.org/ocs/index.php/FSS/FSS10/paper/view/2305/2842}
}

@ARTICLE{semantic_building, author={T. {Tutenel} and R. M. {Smelik} and R. {Lopes} and K. J. {de Kraker} and R. {Bidarra}}, journal={IEEE Transactions on Computational Intelligence and AI in Games}, title={Generating Consistent Buildings: A Semantic Approach for Integrating Procedural Techniques}, year={2011}, volume={3}, number={3}, pages={274-288},} 

@inproceedings{bidarra_designing,
  title={Designing procedurally generated levels},
  author={Van der Linden, Roland and Lopes, Ricardo and Bidarra, Rafael},
  booktitle={Ninth Artificial Intelligence and Interactive Digital Entertainment Conference},
  year={2013}
}

@article{cyc,
author = {Lenat, Douglas B. and Guha, R. V. and Pittman, Karen and Pratt, Dexter and Shepherd, Mary},
title = {Cyc: Toward Programs with Common Sense},
year = {1990},
issue_date = {August 1990},
publisher = {Association for Computing Machinery},
address = {New York, NY, USA},
volume = {33},
number = {8},
issn = {0001-0782},
url = {https://doi.org/10.1145/79173.79176},
doi = {10.1145/79173.79176},
journal = {Commun. ACM},
month = aug,
pages = {30â€“49},
numpages = {20}
}

@misc{ashwell_choice, title={Standard Patterns in Choice-Based Games}, url={https://heterogenoustasks.wordpress.com/2015/01/26/standard-patterns-in-choice-based-games/}, 
howpublished = "[Online]. Available from: \url{https://heterogenoustasks.wordpress.com/2015/01/26/standard-patterns-in-choice-based-games/}",
journal={These Heterogenous Tasks}, author={Ashwell, Sam}, year={2016}, month={Aug}}

@misc{short_storylets, title={Storylets: You Want Them}, url={https://emshort.blog/2019/11/29/storylets-you-want-them/}, 
howpublished = "[Online]. Available from: \url{https://emshort.blog/2019/11/29/storylets-you-want-them/}",
journal={Emily Short's Interactive Storytelling}, author={Short, Emily}, year={2019}, month={Nov}}

@article{antoun2015generating,
  title={Generating natural language retellings from Prom Week play traces},
  author={Antoun, Christopher and Antoun, Matthew and Ryan, James Owen and Samuel, Ben and Swanson, Reid and Walker, Marilyn A},
  journal={Proceedings of the FDG workshop on PCG in Games},
  year={2015}
}

@inproceedings{elson_sig,
  title={Detecting story analogies from annotations of time, action and agency},
  author={Elson, David K},
  booktitle={Proceedings of the LREC 2012 Workshop on Computational Models of Narrative, Istanbul, Turkey},
  pages={91--99},
  year={2012}
}

@phdthesis{Murray_wolf,
  title={Annotating Player Experience in Telltale Games The Wolf Among Us},
  author={Murray, John},
  year={2018},
  school={UC Santa Cruz}
}

@article{qud,
  title={Caves of qud},
  author={Freehold Games},
  journal={Game [PC/Mac/Linux]. Freehold Games, USA},
  year={2018}
}

@misc{dwarfFortress, title={Dwarf Fortress}, url={http://www.bay12games.com/dwarves/}, 
howpublished = "[Online]. Available from: \url{http://www.bay12games.com/dwarves/}",
journal={Bay 12 Games: Dwarf Fortress}, author={Adams, Tarn}, year={2004}} 

@misc{df_history, title={Games Leading Up To Dwarf Fortress}, url={https://www.gamasutra.com/view/feature/131954/interview_the_making_of_dwarf_.php}, 
howpublished = "[Online]. Available from: \url{https://www.gamasutra.com/view/feature/131954/interview_the_making_of_dwarf_.php}",
journal={Gamasutra}, publisher={Gamasutra}, author={Harris, John}, year={2008}, month={Feb}}

@misc{df_stories, 
title={Threetoe's Stories, and Analysis}, url={https://bay12games.com/dwarves/dev_story.html}, 
howpublished = "[Online]. Available from: \url{https://bay12games.com/dwarves/dev_story.html}",
journal={Bay 12 Games: Dwarf Fortress}, 
author={Adams, Tarn}
}

@misc{boatmurdered, 
author={Various},
title={Dwarf Fortress - Boatmurdered}, url={https://lparchive.org/Dwarf-Fortress-Boatmurdered/}, 
journal={Dwarf Fortress - Boatmurdered}, 
publisher={Let's Play Archive}, 
howpublished = "[Online]. Available from: \url{https://lparchive.org/Dwarf-Fortress-Boatmurdered/}",
year={2018}, 
month={Dec}
}

@misc{denee, title={Oilfurnace}, 
url={https://www.timdenee.com/oilfurnace}, 
howpublished = "[Online]. Available from: \url{https://www.timdenee.com/oilfurnace}",
journal={Tim Denee}, author={Denee, Tim}}

@misc{dfHack, title={DFHack}, 
url={https://github.com/DFHack/dfhack/releases}, 
howpublished = "[Online]. Available from: \url{https://github.com/DFHack/dfhack/releases}",
institution={GitHub}, author={Various}}

@misc{legendsviewer, title={LegendsViewer}, url={http://dffd.bay12games.com/file.php?id=11455}, 
howpublished = "[Online]. Available from: \url{http://dffd.bay12games.com/file.php?id=11455}",
journal={Dwarf Fortress File Depot}, author={Various}, year={2015}, month={Dec}}

@article{queneau_regret,
  title={Litt{\'e}rature potentielle},
  author={Queneau, Raymond},
  journal={R. Queneau, B{\^a}tons, chiffres et lettres. Ed. revue et augment{\'e}e. Gallimard: Paris},
  year={1965}
}

@phdthesis{reed_changeful,
  title={Changeful tales: design-driven approaches toward more expressive storygames},
  author={Reed, Aaron},
  year={2017},
  school={UC Santa Cruz}
}

@InProceedings{book_of_endless_history,
author="Austin, John",
editor="Cardona-Rivera, Rogelio E.
and Sullivan, Anne
and Young, R. Michael",
title="The Book of Endless History: Authorial Use of GPT2 for Interactive Storytelling",
booktitle="Interactive Storytelling",
year="2019",
publisher="Springer International Publishing",
address="Cham",
pages="429--432",
isbn="978-3-030-33894-7"
}

@misc{branwen_2019, title={GPT-2 Neural Network Poetry}, url={https://www.gwern.net/GPT-2}, 
howpublished = "[Online]. Available from: \url{https://www.gwern.net/GPT-2}",
journal={Gwern.net}, 
author={Branwen, Gwern}, 
year={2019},
month={Mar}} 

@article{gunning2017explainable,
  title={Explainable artificial intelligence (xai)},
  author={Gunning, David},
  journal={Defense Advanced Research Projects Agency (DARPA), nd Web},
  volume={2},
  year={2017}
}

@InProceedings{magerko_PC3,
author="Magerko, Brian",
editor="Mitchell, Alex
and Fern{\'a}ndez-Vara, Clara
and Thue, David",
title="The PC3 Framework: A Formal Lens for Analyzing Interactive Narratives across Media Forms",
booktitle="Interactive Storytelling",
year="2014",
publisher="Springer International Publishing",
address="Cham",
pages="103--112"
}

@InProceedings{koenitz_idn,
author="Koenitz, Hartmut
and Haahr, Mads
and Ferri, Gabriele
and Sezen, Tonguc Ibrahim
and Sezen, Digdem",
editor="Koenitz, Hartmut
and Sezen, Tonguc Ibrahim
and Ferri, Gabriele
and Haahr, Mads
and Sezen, Digdem
and {\c C}atak, G{\"u}ven",
title="Mapping the Evolving Space of Interactive Digital Narrative - From Artifacts to Categorizations",
booktitle="Interactive Storytelling",
year="2013",
publisher="Springer International Publishing",
address="Cham",
pages="55--60",
isbn="978-3-319-02756-2"
}

@InProceedings{prism,
author="Cheong, Yun-Gyung
and Kim, Yeo-Jin
and Min, Wook-Hee
and Shim, Eok-Soo
and Kim, Jin-Young",
editor="Spierling, Ulrike
and Szilas, Nicolas",
title="PRISM: A Framework for Authoring Interactive Narratives",
booktitle="Interactive Storytelling",
year="2008",
publisher="Springer Berlin Heidelberg",
address="Berlin, Heidelberg",
pages="297--308",
isbn="978-3-540-89454-4"
}

@InProceedings{aporia,
author="Bevensee, Sebastian Hurup
and Dahlsgaard Boisen, Kasper Alexander
and Olsen, Mikael Peter
and Schoenau-Fog, Henrik
and Bruni, Luis Emilio",
editor="Oyarzun, David
and Peinado, Federico
and Young, R. Michael
and Elizalde, Ane
and M{\'e}ndez, Gonzalo",
title="Project Aporia -- An Exploration of Narrative Understanding of Environmental Storytelling in an Open World Scenario",
booktitle="Interactive Conference on Interactive Digital Storytelling 2012",
year="2012",
publisher="Springer Berlin Heidelberg",
address="Berlin, Heidelberg",
pages="96--101",
isbn="978-3-642-34851-8"
}

@inproceedings{koenitz_framework,
author = {Koenitz, Hartmut},
year = {2010},
month = {11},
pages = {176-185},
title = {Towards a Theoretical Framework for Interactive Digital Narrative},
booktitle = {Third Joint Conference on Interactive Digital Storytelling Proceedings},
volume = {6432},
doi = {10.1007/978-3-642-16638-9_22}
}

@inproceedings{hunicke2004mda,
  title={MDA: A formal approach to game design and game research},
  author={Hunicke, Robin and LeBlanc, Marc and Zubek, Robert},
  booktitle={Proceedings of the AAAI Workshop on Challenges in Game AI},
  volume={4},
  pages={1722},
  year={2004}
}


@misc{leblanc_2001, title={Game Design and Tuning Workshop Materials}, url={http://algorithmancy.8kindsoffun.com/GDC2004/}, 
howpublished = "[Online]. Available from: \url{http://algorithmancy.8kindsoffun.com/GDC2004/}",
journal={8 Kinds of Fun}, author={Leblanc, Marc}, year={2001}}

@misc{leblanc_2004, title={Mechanics, Dynamics, Aesthetics: A
Formal Approach to Game Design}, place={Northwestern University}, author={Leblanc, Marc}, year={2004}, month={Apr}} 

@InProceedings{gofai_vs_connectionist_1989,
author="Bersini, Hugues",
editor="Jovanovi{\'{c}}, Aleksandar S.
and Kussmaul, Karl F.
and Lucia, Alfredo C.
and Bonissone, Piero P.",
title="Connectionism vs Gofai: A Brief Critical Analysis",
booktitle="Expert Systems in Structural Safety Assessment",
year="1989",
publisher="Springer Berlin Heidelberg",
address="Berlin, Heidelberg",
pages="472--493",
isbn="978-3-642-83991-7"
}

@article{Keskar2019CTRLAC, title={CTRL: A Conditional Transformer Language Model for Controllable Generation}, author={Nitish Shirish Keskar and Bryan McCann and Lav R. Varshney and Caiming Xiong and Richard Socher}, journal={ArXiv}, year={2019}, volume={abs/1909.05858} }

@article{radford2019language,
  title={Language models are unsupervised multitask learners},
  author={Radford, Alec and Wu, Jeffrey and Child, Rewon and Luan, David and Amodei, Dario and Sutskever, Ilya},
  journal={OpenAI Blog},
  volume={1},
  number={8},
  pages={9},
  year={2019}
}

@article{child2019sparsetransformer,
  title={Generating Long Sequences with Sparse Transformers},
  author={Child, Rewon and Gray, Scott and Radford, Alec and Sutskever, Ilya},
  journal={URL https://openai.com/blog/sparse-transformers},
  year={2019}
}

@InProceedings{combo_stern,
author="Stern, Andrew",
editor="Spierling, Ulrike
and Szilas, Nicolas",
title="Embracing the Combinatorial Explosion: A Brief Prescription for Interactive Story R{\&}D",
booktitle="Interactive Storytelling",
year="2008",
publisher="Springer Berlin Heidelberg",
address="Berlin, Heidelberg",
pages="1--5",
isbn="978-3-540-89454-4"
}

@InProceedings{koenitz_five_theses,
author="Koenitz, Hartmut",
editor="Mitchell, Alex
and Fern{\'a}ndez-Vara, Clara
and Thue, David",
title="Five Theses for Interactive Digital Narrative",
booktitle="Interactive Storytelling",
year="2014",
publisher="Springer International Publishing",
address="Cham",
pages="134--139",
isbn="978-3-319-12337-0"
}

@book{hamlet_holodeck,
author = {Murray, Janet Horowitz},
title = {Hamlet on the Holodeck: The Future of Narrative in Cyberspace},
year = {1997},
isbn = {0684827239},
publisher = {The Free Press},
address = {USA}
}

@misc{wardrip2014envisioning,
  title={Envisioning the future of computational media: the final report of the media systems project},
  author={Wardrip--Fruin, Noah and Mateas, Michael},
  year={2014},
  howpublished = "[Online]. Available from: \url{https://mediasystems.soe.ucsc.edu/}",
}

@InProceedings{authoring_issues,
author="Spierling, Ulrike
and Szilas, Nicolas",
editor="Iurgel, Ido A.
and Zagalo, Nelson
and Petta, Paolo",
title="Authoring Issues beyond Tools",
booktitle="ICIDS 2009: Interactive Storytelling",
year="2009",
publisher="Springer Berlin Heidelberg",
address="Berlin, Heidelberg",
pages="50--61",
isbn="978-3-642-10643-9"
}

@article{crawford1987process,
  title={Process intensity},
  author={Crawford, Chris},
  journal={The Journal of Computer Game Development},
  volume={1},
  number={5},
  year={1987}
}

@inproceedings{carstensdottir,
author = {Carstensdottir, Elin and Kleinman, Erica and El-Nasr, Magy},
year = {2019},
month = {08},
pages = {1-9},
title = {Player interaction in narrative games: structure and narrative progression mechanics},
isbn = {978-1-4503-7217-6},
booktitle = {FDG '19: Proceedings of the 14th International Conference on the Foundations of Digital Games},
journal = {FDG '19: Proceedings of the 14th International Conference on the Foundations of Digital Games},
doi = {10.1145/3337722.3337730}
}

@phdthesis{carstensdottir_diss,
  title={Automated Structural Analysis of Interactive Narratives},
  author={Carstensdottir, Elin},
  year={2020},
  school={Northeastern University}
}

@misc{telltale,
  title={Telltale Games},
  author={Telltale Games},
  howpublished = "[Online]. Available from: \url{https://telltale.com/}",
  year={2020},
  month=jul # "~18",
  publisher={Telltale Games},
}

@misc{quantic,
    author={Quantic Dream},
	title={{Quantic Dream - Official Site}},
	url={https://www.quanticdream.com/en},
	howpublished = "[Online]. Available from: \url{https://www.quanticdream.com/en}",
	note={(\url{https://www.quanticdream.com/en})}
}

@article{wizard_of_oz,
author = {Paul Green and Lisa Wei-Haas},
title ={The Rapid Development of User Interfaces: Experience with the Wizard of OZ Method},
journal = {Proceedings of the Human Factors Society Annual Meeting},
volume = {29},
number = {5},
pages = {470-474},
year = {1985},
doi = {10.1177/154193128502900515},
URL = {
    	https://doi.org/10.1177/154193128502900515
},
eprint = {
    	https://doi.org/10.1177/154193128502900515   
}
}

@article{kelley1984iterative,
  title={An iterative design methodology for user-friendly natural language office information applications},
  author={Kelley, John F},
  journal={ACM Transactions on Information Systems (TOIS)},
  volume={2},
  number={1},
  pages={26--41},
  year={1984},
  publisher={ACM New York, NY, USA}
}
@book{snyder2003paper,
  title={Paper prototyping: The fast and easy way to design and refine user interfaces},
  author={Snyder, Carolyn},
  year={2003},
  publisher={Morgan Kaufmann}
}

@article{mayra2004player,
  title={Player-centred game design: Experiences in using scenario study to inform mobile game design},
  author={M{\"a}yr{\"a}, Frans and Ermi, L},
  journal={The International Journal of Computer Game Research},
  volume={5},
  number={1},
  year={2004}
}

@inproceedings{cozy_mystery,
author = {Kreminski, Max and Acharya, Devi and Junius, Nick and Oliver, Elisabeth and Compton, Kate and Dickinson, Melanie and Focht, Cyril and Mason, Stacey and Mazeika, Stella and Wardrip-Fruin, Noah},
title = {Cozy Mystery Construction Kit: Prototyping toward an AI-Assisted Collaborative Storytelling Mystery Game},
year = {2019},
isbn = {9781450372176},
publisher = {Association for Computing Machinery},
address = {New York, NY, USA},
url = {https://doi.org/10.1145/3337722.3341853},
doi = {10.1145/3337722.3341853},
booktitle = {Proceedings of the 14th International Conference on the Foundations of Digital Games},
articleno = {86},
numpages = {9},
keywords = {collaborative storytelling, player creativity, prototyping, AI-based game design, tabletop games, co-creativity, PCG-based game design, design patterns},
location = {San Luis Obispo, California},
series = {FDG â€™19}
}

@article{shuffle_2012, 
title={Shuffle Literature and the Hand of Fate}, url={https://electronicbookreview.com/essay/shuffle-literature-and-the-hand-of-fate/}, 
howpublished = "[Online]. Available from: \url{https://electronicbookreview.com/essay/shuffle-literature-and-the-hand-of-fate/}",
journal={Electronic Book Review}, 
author={Montfort, Nick and HusÃ¡rovÃ¡, Zuzana}, 
year={2012}, month={May}
}

@misc{short_card_deck, title={Card-Deck Narratives}, url={https://emshort.blog/2016/05/03/card-deck-narratives/}, 
howpublished = "[Online]. Available from: \url{https://emshort.blog/2016/05/03/card-deck-narratives/}",
journal={Emily Short's Interactive Storytelling}, author={Short, Emily}, year={2016}, month={May}} 

@misc{coe_2002, 
title={Panel Discussion},
desc={An edited version of the talk given during a panel discussion with Will Self at the Villa Gillet, Lyon, on 17 October 2002.}, author={Coe, Jonathan}, url={https://web.archive.org/web/20130223092810/https://jonathancoewriter.com/oddsAndEnds/deathNaturalism.html},
howpublished = "[Online]. Available from: \url{https://web.archive.org/web/20130223092810/https://jonathancoewriter.com/oddsAndEnds/deathNaturalism.html}", year={2002}
}

@book{bellos2010georges,
  title={Georges Perec: A life in words},
  author={Bellos, David},
  year={2010},
  publisher={Random House}
}

@book{cortazar1996rayuela,
  title={Rayuela},
  author={Cort{\'a}zar, Julio and Ortega, Julio and Yurki{\'e}vich, Sa{\'u}l},
  volume={16},
  year={1996},
  publisher={EdUSP}
}

@book{calvino1985mister,
  title={Mister Palomar},
  author={Calvino, Italo},
  year={1985},
  publisher={Houghton Mifflin Harcourt}
}

@inproceedings{bernstein_cardshark,
author = {Bernstein, Mark},
title = {Card Shark and Thespis: Exotic Tools for Hypertext Narrative},
year = {2001},
isbn = {1581134207},
publisher = {Association for Computing Machinery},
address = {New York, NY, USA},
url = {https://doi.org/10.1145/504216.504233},
doi = {10.1145/504216.504233},
booktitle = {Proceedings of the 12th ACM Conference on Hypertext and Hypermedia},
pages = {41â€“50},
numpages = {10},
keywords = {fiction, hypertext systems, narrative, storyspace},
location = {\r{A}rhus, none, Denmark},
series = {HYPERTEXT â€™01}
}

@inproceedings{storyspinner,
author = {Hooper, Clare J. and Weal, Mark J.},
title = {The StorySpinner Sculptural Reader},
year = {2005},
isbn = {1595931686},
publisher = {Association for Computing Machinery},
address = {New York, NY, USA},
url = {https://doi.org/10.1145/1083356.1083425},
doi = {10.1145/1083356.1083425},
booktitle = {Proceedings of the Sixteenth ACM Conference on Hypertext and Hypermedia},
pages = {288â€“289},
numpages = {2},
keywords = {authoring, narratology, hyperfiction, sculptural hypertext},
location = {Salzburg, Austria},
series = {HYPERTEXT â€™05}
}

@inproceedings{sullivan2018tarot,
  title={Tarot-based narrative generation},
  author={Sullivan, Anne and Eladhari, Mirjam Palosaari and Cook, Michael},
  booktitle={Proceedings of the 13th International Conference on the Foundations of Digital Games},
  pages={1--7},
  year={2018}
}

 @misc{short_tarot, title={Parrigues Tarot (draft)}, url={https://emshort.blog/2018/06/26/parrigues-tarot-draft/}, 
 howpublished = "[Online]. Available from: \url{https://emshort.blog/2018/06/26/parrigues-tarot-draft/}",
 journal={Emily Short's Interactive Storytelling}, author={Short, Emily}, year={2018}, month={Jun}}

@misc{short_annals, title={ProcJam Entries, NaNoGenMo, and my Generated Generation Guidebook}, url={https://emshort.blog/2015/12/07/procjam-entries-nanogenmo-and-my-generated-generation-guidebook/}, 
howpublished = "[Online]. Available from: \url{https://emshort.blog/2015/12/07/procjam-entries-nanogenmo-and-my-generated-generation-guidebook/}",
journal={Emily Short's Interactive Storytelling}, author={Short, Emily}, year={2015}, month={Dec}}

@misc{kazemi_2015, title={NaNoGenMo 2015}, url={https://github.com/dariusk/NaNoGenMo-2015}, 
howpublished = "[Online]. Available from: \url{https://github.com/dariusk/NaNoGenMo-2015}",
journal={NaNoGenMo-2015}, author={Kazemi, Darius}, year={2015}, month={Nov}} 

@inproceedings{bernstein_decline,
  title={Thoughts About Writing An Exciting Hypertext.},
  author={Bernstein, Mark},
  booktitle={HT (Extended Proceedings)},
  year={2016}
}

@misc{short_salience, title={Beyond Branching: Quality-Based, Salience-Based, and Waypoint Narrative Structures}, url={https://emshort.blog/2016/04/12/beyond-branching-quality-based-and-salience-based-narrative-structures/}, 
howpublished = "[Online]. Available from: \url{https://emshort.blog/2016/04/12/beyond-branching-quality-based-and-salience-based-narrative-structures/}",
journal={Emily Short's Interactive Storytelling}, author={Short, Emily}, year={2017}, month={Aug}}

@misc{barlowe_her_story, title={Her Story}, url={https://www.herstorygame.com/}, 
howpublished = "[Online]. Available from: \url{https://www.herstorygame.com/}",
journal={Her Story}, author={Barlowe, Sam}, year={2015}} 

@misc{barlowe_telling_lies, title={Telling Lies}, url={http://tellingliesgame.com/}, 
howpublished = "[Online]. Available from: \url{http://tellingliesgame.com/}",
journal={Telling Lies}, publisher={Annapurna Interactive}, author={Barlowe, Sam}, year={2019}} 

@misc{hudson_2016, title={Playing With Words}, url={https://slate.com/culture/2016/02/the-video-game-firewatch-and-its-origins-in-1980s-text-adventures.html}, 
howpublished = "[Online]. Available from: \url{https://slate.com/culture/2016/02/the-video-game-firewatch-and-its-origins-in-1980s-text-adventures.html}",
journal={Slate Magazine}, publisher={Slate}, author={Hudson, Laura}, year={2016}, month={Feb}}

@misc{saporta1963composition,
  title={Composition No. 1 (trans. R. Howard)},
  author={Saporta, Marc},
  year={1963},
  publisher={New York, NY: Simon \& Schuster}
}
@article{coover2005heart,
  title={Heart suit},
  author={Coover, Robert},
  journal={A Child Again},
  year={2005},
  publisher={McSweeney's Books San Francisco}
}

@inproceedings{riedl_mediation,
  title={Managing interaction between users and agents in a multi-agent storytelling environment},
  author={Riedl, Mark and Saretto, Cesare J and Young, R Michael},
  booktitle={Proceedings of the second international joint conference on Autonomous agents and multiagent systems},
  pages={741--748},
  year={2003}
}

@misc{pddl,
  title={PDDL-the planning domain definition language},
  author={McDermott, Drew and Ghallab, Malik and Howe, Adele and Knoblock, Craig and Ram, Ashwin and Veloso, Manuela and Weld, Daniel and Wilkins, David},
  year={1998},
  publisher={Technical Report CVC TR-98-003/DCS TR-1165, Yale Center for Computational~â€¦}
}

@inproceedings{meehan1977tale,
  title={TALE-SPIN, An Interactive Program that Writes Stories.},
  author={Meehan, James R},
  booktitle={Ijcai},
  volume={77},
  pages={91--98},
  year={1977}
}

@inproceedings{goudoulakis_2011_survey,
  title={Evaluation of planning algorithms for digital interactive storytelling},
  author={Goudoulakis, Efstathios and El Rhalibi, Abdennour and Merabti, Madjid and Taleb-Bendiab, A},
  booktitle={Proceedings of the 12th Annual Postgraduate Symposium on the Convergence of Telecommunications, Networking and Broadcasting},
  year={2011}
}

@article{chang2009planning,
  title={Planning-based narrative generation in simulated game universes},
  author={Chang, Hsueh-Min and Soo, Von-Wun},
  journal={IEEE Transactions on Computational Intelligence and AI in Games},
  volume={1},
  number={3},
  pages={200--213},
  year={2009},
  publisher={IEEE}
}

@inproceedings{cavazza2002interacting,
  title={Interacting with virtual characters in interactive storytelling},
  author={Cavazza, Marc and Charles, Fred and Mead, Steven J},
  booktitle={Proceedings of the first international joint conference on Autonomous agents and multiagent systems: part 1},
  pages={318--325},
  year={2002}
}

@article{perez2001mexica,
  title={MEXICA: A computer model of a cognitive account of creative writing},
  author={P{\'E}rez, Rafael P{\'E}rez {\'Y} and Sharples, Mike},
  journal={Journal of Experimental \& Theoretical Artificial Intelligence},
  volume={13},
  number={2},
  pages={119--139},
  year={2001},
  publisher={Taylor \& Francis}
}

@Inbook{Herrmann1988,
author="Herrmann, Douglas J.
and Chaffin, Roger",
title="Anonymous Rhetorica Ad Herennium",
bookTitle="Memory in Historical Perspective: The Literature Before Ebbinghaus",
year="1988",
publisher="Springer New York",
address="New York, NY",
pages="83--91",
isbn="978-1-4612-3858-4",
doi="10.1007/978-1-4612-3858-4_11",
url="https://doi.org/10.1007/978-1-4612-3858-4_11"
}

@article{horswill_2019, 
title={Imaginarium: A Tool for Casual Constraint-Based PCG}, url={http://www.exag.org/papers/EXAG_2019_paper_12.pdf}, 
journal={Proceedings of the 2019 Workshop on Experimental AI in Games}, author={Horswill, Ian}, 
year={2019}, 
month={Oct}
}

@INPROCEEDINGS {compton-iccc2015,
   title = {Casual Creators},
   author = {Compton, Kate and Mateas, Michael},
   editor = {Toivonen, Hannu and Colton, Simon and Cook, Michael and Ventura, Dan},
   booktitle = {Proceedings of the Sixth International Conference on Computational Creativity (ICCC 2015)},
   publisher = {Brigham Young University},
   pages = {228--235},
   year = {2015}, 
   month = jun # "--" # jul, 
   address = {Park City, Utah},
   url = {http://computationalcreativity.net/iccc2015/proceedings/10_2Compton.pdf}
}

@inproceedings{horswill_mkultra,
    author = {Ian Horswill},
    title = {Postmortem: MKULTRA, An Experimental AI-Based Game},
    conference = {AAAI Conference on Artificial Intelligence and Interactive Digital Entertainment},
    booktitle = {AAAI Conference on Artificial Intelligence and Interactive Digital Entertainment Proceedings},
    year = {2018},
    keywords = {Computer games; Character AI; Believable agents; Natural Language; Interactive narrative},
    url = {https://www.aaai.org/ocs/index.php/AIIDE/AIIDE18/paper/view/18123/17221}
}

@inproceedings{dehn,
  title={Story Generation After TALE-SPIN.},
  author={Dehn, Natlie},
  booktitle={IJCAI},
  volume={81},
  pages={16--18},
  year={1981}
}

